
@misc{cryptoeprint:2018:162,
  author = {Jean Paul Degabriele and Martijn Stam},
  title = {Untagging Tor: A Formal Treatment of Onion Encryption},
  howpublished = {Cryptology ePrint Archive, Report 2018/162},
  year = {2018},
  note = {\url{https://eprint.iacr.org/2018/162}},
}
