@article{Gasarch:2004,
author = {Gasarch, William},
year = {2004},
month = {01},
pages = {},
title = {A survey on private information retrieval},
volume = {82},
journal = {Bulletin of the European Association for Theoretical Computer Science EATCS}
}

@article{Blackburn:2016,
author = {R. Blackburn, Simon and Etzion, Tuvi and Paterson, Maura},
year = {2016},
month = {09},
pages = {},
title = {PIR schemes with small download complexity and low storage requirements}
}
